 @book{ art:test,
  author = {Markus Kohm and Jens-Uwe Morawski},
  title  = {{\KOMAScript} ? Eine Sammlung von Klassen und Paketen},
  publisher = {Lehmanns Media},
  edition = {4},
  year = {2012},
 }
